@inproceedings{cppworld,
author = {Stroustrup, Bjarne},
year = {2007},
month = {06},
pages = {1-59},
title = {Evolving a language in and for the real world: C++ 1991-2006},
doi = {10.1145/1238844.1238848}
}
